%
%  An example of a bibliographical database for bibTeX
%
%  Recommended software for maintenance of *.bib files:
%    JabRef, http://jabref.sourceforge.net/
%
%  BEWARE:
%
%    *  If a name contains a capital letter, which must be kept such,
%       use curly brackets ({T}hailand, {HIV}).
%
%  ===========================================================================
@misc{PDT35,
url={https://ufal.mff.cuni.cz/pdt3.5},
title = {PDT 3.5 Main page}}

@article{BERT_ORIG,
title={BERT: Pre-training of Deep Bidirectional Transformers for Language Understanding},
author={Jacob Devlin and Ming-Wei Chang and Kenton Lee and Kristina Toutanova},
year={2018},
eprint={1810.04805},
archivePrefix={arXiv},
primaryClass={cs.CL},
url={https://arxiv.org/abs/1810.04805}
}
@article{jurafsky2012natural,
  title={Natural language processing},
  author={Jurafsky, Dan and Manning, Christopher},
  journal={Instructor},
  volume={212},
  number={998},
  pages={3482},
  year={2012}
}

@misc{oakley1995final,
  title={Final Evaluation Of The Results Of Eurotra: A Specific Programme Concerning the preparation of the development of an operational EUROTRA system for Machine Translation},
  author={Oakley, Brian and others},
  year={1995},
  publisher={Diane publishing Company}
}


@misc{rnn_paper,
author = {Varsamopoulos, Savvas and Bertels, Koen and Almudever, Carmen},
year = {2018},
month = {11},
pages = {},
title = {Designing neural network based decoders for surface codes}
}

@book{NLTKbook,
author = {Bird, Steven and Klein, Ewan and Loper, Edward},
title = {Natural Language Processing with Python},
year = {2009},
isbn = {0596516495},
publisher = {Oâ€™Reilly Media, Inc.},
edition = {1st}
}

@techreport{francis79browncorpus,
  added-at = {2008-02-29T17:14:20.000+0100},
  author = {Francis, W. N. and Kucera, H.},
  biburl = {https://www.bibsonomy.org/bibtex/260bb0c74c2ecced0632393e47eb64f48/sb3000},
  institution = {Department of Linguistics, Brown University, Providence, Rhode Island, US},
  interhash = {119c367841941ad1a8f0db35d9f1c0b9},
  intrahash = {60bb0c74c2ecced0632393e47eb64f48},
  keywords = {corpus linguistics text-mining},
  timestamp = {2008-02-29T17:14:20.000+0100},
  title = {Brown Corpus Manual},
  url = {http://icame.uib.no/brown/bcm.html},
  year = 1979
}




@article{Cloze,
title={"Cloze procedure": a new tool for measuring readability.},
author={Wilson L. Taylor},
year={1953}
}

@article{Wolf2019HuggingFacesTS,
	title={HuggingFace's Transformers: State-of-the-art Natural Language Processing},
	author={Thomas Wolf and Lysandre Debut and Victor Sanh and Julien Chaumond and Clement Delangue and Anthony Moi and Pierric Cistac and Tim Rault and R'emi Louf and Morgan Funtowicz and Jamie Brew},
	journal={ArXiv},
	year={2019},
	volume={abs/1910.03771}
}

@article{Vaswani2017AttentionIA,
	title={Attention is All you Need},
	author={Ashish Vaswani and Noam Shazeer and Niki Parmar and Jakob Uszkoreit and Llion Jones and Aidan N. Gomez and Lukasz Kaiser and Illia Polosukhin},
	booktitle={NIPS},
	year={2017}
}

@book{Goodfellow-et-al-2016,
    title={Deep Learning},
    author={Ian Goodfellow and Yoshua Bengio and Aaron Courville},
    publisher={MIT Press},
    note={\url{http://www.deeplearningbook.org}},
    year={2016}
}

@inproceedings{straka2019czech,
  title={Czech Text Processing with Contextual Embeddings: POS Tagging, Lemmatization, Parsing and NER},
  author={Straka, Milan and Strakov{\'a}, Jana and Haji{\v{c}}, Jan},
  booktitle={International Conference on Text, Speech, and Dialogue},
  pages={137--150},
  year={2019},
  organization={Springer}
}


@misc{rnnpic,
url={https://medium.com/deeplearningbrasilia/deep-learning-recurrent-neural-networks-f9482a24d010},
urldate = {2020-11-14}
}

@misc{tensorflow2015-whitepaper,
title={{TensorFlow}: Large-Scale Machine Learning on Heterogeneous Systems},
url={http://tensorflow.org/},
note={Software available from tensorflow.org},
author={
    Mart\'{\i}n~Abadi and
    Ashish~Agarwal and
    Paul~Barham and
    Eugene~Brevdo and
    Zhifeng~Chen and
    Craig~Citro and
    Greg~S.~Corrado and
    Andy~Davis and
    Jeffrey~Dean and
    Matthieu~Devin and
    Sanjay~Ghemawat and
    Ian~Goodfellow and
    Andrew~Harp and
    Geoffrey~Irving and
    Michael~Isard and
    Yangqing Jia and
    Rafal~Jozefowicz and
    Lukasz~Kaiser and
    Manjunath~Kudlur and
    Josh~Levenberg and
    Dan~Man\'{e} and
    Rajat~Monga and
    Sherry~Moore and
    Derek~Murray and
    Chris~Olah and
    Mike~Schuster and
    Jonathon~Shlens and
    Benoit~Steiner and
    Ilya~Sutskever and
    Kunal~Talwar and
    Paul~Tucker and
    Vincent~Vanhoucke and
    Vijay~Vasudevan and
    Fernanda~Vi\'{e}gas and
    Oriol~Vinyals and
    Pete~Warden and
    Martin~Wattenberg and
    Martin~Wicke and
    Yuan~Yu and
    Xiaoqiang~Zheng},
  year={2015},
}
======================================================
% TODO example citations
======================================================
