Automatically generated by Mendeley Desktop 1.19.4
Any changes to this file will be lost if it is regenerated by Mendeley.

BibTeX export options can be customized via Preferences -> BibTeX in Mendeley Desktop

@misc{Farber1969,
author = {Farber, Steven M.},
booktitle = {IEEE Trans. Inf. Theory},
doi = {10.1109/TIT.1969.1054388},
file = {:Users/petravysusilova/Library/Application Support/Mendeley Desktop/Downloaded/Farber - 1969 - Book Reviews.pdf:pdf},
issn = {15579654},
number = {6},
pages = {738--739},
title = {{Book Reviews}},
volume = {15},
year = {1969}
}
